@book{hastie2009elements,
  title={The Elements of Statistical Learning: Data Mining, Inference, and Prediction},
  author={Hastie, T. and Tibshirani, R. and Friedman, J.H.},
  isbn={9780387848846},
  lccn={2008941148},
  series={Springer series in statistics},
  url={https://books.google.com.pe/books?id=eBSgoAEACAAJ},
  year={2009},
  publisher={Springer}
}
@book{james2013introduction,
  title={An introduction to statistical learning},
  author={James, Gareth and Witten, Daniela and Hastie, Trevor and Tibshirani, Robert},
  volume={112},
  year={2013},
  publisher={Springer}
}